@article{stapor:froehlich:hasenauer:2018,
  title={Optimization and uncertainty analysis of {ODE} models using 2nd order adjoint sensitivity analysis},
  author={Stapor, Paul and Froehlich, Fabian and Hasenauer, Jan},
  journal={bioRxiv},
  pages={272005},
  year={2018},
  publisher={Cold Spring Harbor Laboratory}
}

@article{yan:du:tan:feng:2019,
  title={On robustness of neural ordinary differential equations},
  author={Yan, Hanshu and Du, Jiawei and Tan, Vincent YF and Feng, Jiashi},
  journal={arXiv preprint arXiv:1910.05513},
  year={2019}
}

@article{rubanova:chen:duvenaud:2019,
  title={Latent ordinary differential equations for irregularly-sampled time series},
  author={Rubanova, Yulia and Chen, Ricky TQ and Duvenaud, David K},
  journal={Advances in neural information processing systems},
  volume={32},
  year={2019}
}

@article{grathwohl:chen:bettencourt:sutskever:duvenaud:2018,
  title={Ffjord: Free-form continuous dynamics for scalable reversible generative models},
  author={Grathwohl, Will and Chen, Ricky TQ and Bettencourt, Jesse and Sutskever, Ilya and Duvenaud, David},
  journal={arXiv preprint arXiv:1810.01367},
  year={2018}
}

@inproceedings{finlay:jacobsen:nurbekyan:oberman:2020,
  title={How to train your neural ODE: the world of Jacobian and kinetic regularization},
  author={Finlay, Chris and Jacobsen, J{\"o}rn-Henrik and Nurbekyan, Levon and Oberman, Adam},
  booktitle={International conference on machine learning},
  pages={3154--3164},
  year={2020},
  organization={PMLR}
}


@misc{torchdiffeq,
	author={Chen, Ricky T. Q.},
	title={torchdiffeq},
	year={2018},
	url={https://github.com/rtqichen/torchdiffeq},
}